[gd_scene load_steps=31 format=2]

[ext_resource path="res://fonts/Fredoka/petit.tres" type="DynamicFont" id=1]
[ext_resource path="res://fonts/MainPetit.tres" type="DynamicFont" id=2]
[ext_resource path="res://imgs/soldat__elite_profil.png" type="Texture" id=3]
[ext_resource path="res://imgs/maitredeguerre_profil.png" type="Texture" id=4]
[ext_resource path="res://imgs/soldat_profil.png" type="Texture" id=5]
[ext_resource path="res://styles/BtnNormal.tres" type="StyleBox" id=6]
[ext_resource path="res://imgs/UTT.jpg" type="Texture" id=7]
[ext_resource path="res://scripts/BattleField.gd" type="Script" id=8]
[ext_resource path="res://imgs/MainBackground.jpg" type="Texture" id=9]
[ext_resource path="res://fonts/Main.tres" type="DynamicFont" id=10]
[ext_resource path="res://imgs/fleche.png" type="Texture" id=11]
[ext_resource path="res://imgs/couleur_battlefield.png" type="Texture" id=12]
[ext_resource path="res://imgs/Selectionne.png" type="Texture" id=13]
[ext_resource path="res://imgs/Envoye.png" type="Texture" id=14]

[sub_resource type="StyleBoxFlat" id=1]
bg_color = Color( 0.654902, 0.65098, 0, 1 )
border_width_left = 2
border_width_top = 2
border_width_right = 2
border_width_bottom = 2
border_color = Color( 1, 1, 1, 1 )
corner_radius_top_left = 10
corner_radius_top_right = 10
corner_radius_bottom_right = 10
corner_radius_bottom_left = 10

[sub_resource type="StyleBoxFlat" id=2]
bg_color = Color( 0.654902, 0.65098, 0, 1 )
border_width_left = 2
border_width_top = 2
border_width_right = 2
border_width_bottom = 2
border_color = Color( 1, 1, 1, 1 )
corner_radius_top_left = 10
corner_radius_top_right = 10
corner_radius_bottom_right = 10
corner_radius_bottom_left = 10

[sub_resource type="StyleBoxFlat" id=3]
bg_color = Color( 0.654902, 0.65098, 0, 1 )
border_width_left = 2
border_width_top = 2
border_width_right = 2
border_width_bottom = 2
border_color = Color( 0, 0, 0, 1 )
corner_radius_top_left = 10
corner_radius_top_right = 10
corner_radius_bottom_right = 10
corner_radius_bottom_left = 10

[sub_resource type="StyleBoxFlat" id=4]
bg_color = Color( 0.654902, 0.65098, 0, 1 )
border_width_left = 2
border_width_top = 2
border_width_right = 2
border_width_bottom = 2
border_color = Color( 1, 1, 1, 1 )
corner_radius_top_left = 10
corner_radius_top_right = 10
corner_radius_bottom_right = 10
corner_radius_bottom_left = 10

[sub_resource type="StyleBoxFlat" id=5]
bg_color = Color( 0.654902, 0.65098, 0, 1 )
border_width_left = 2
border_width_top = 2
border_width_right = 2
border_width_bottom = 2
border_color = Color( 1, 1, 1, 1 )
corner_radius_top_left = 10
corner_radius_top_right = 10
corner_radius_bottom_right = 10
corner_radius_bottom_left = 10

[sub_resource type="StyleBoxFlat" id=6]
bg_color = Color( 0.654902, 0.65098, 0, 1 )
border_width_left = 2
border_width_top = 2
border_width_right = 2
border_width_bottom = 2
border_color = Color( 0, 0, 0, 1 )
corner_radius_top_left = 10
corner_radius_top_right = 10
corner_radius_bottom_right = 10
corner_radius_bottom_left = 10

[sub_resource type="StyleBoxFlat" id=7]
bg_color = Color( 0.654902, 0.137255, 0, 1 )
border_width_left = 2
border_width_top = 2
border_width_right = 2
border_width_bottom = 2
border_color = Color( 1, 0.890196, 0.643137, 1 )
corner_radius_top_left = 10
corner_radius_top_right = 10
corner_radius_bottom_right = 10
corner_radius_bottom_left = 10

[sub_resource type="StyleBoxFlat" id=8]
bg_color = Color( 0.654902, 0.137255, 0, 1 )
border_width_left = 2
border_width_top = 2
border_width_right = 2
border_width_bottom = 2
border_color = Color( 1, 1, 1, 1 )
corner_radius_top_left = 10
corner_radius_top_right = 10
corner_radius_bottom_right = 10
corner_radius_bottom_left = 10

[sub_resource type="RectangleShape2D" id=9]
extents = Vector2( 32, 34 )

[sub_resource type="RectangleShape2D" id=10]
extents = Vector2( 64, 63.25 )

[sub_resource type="StyleBoxFlat" id=11]
bg_color = Color( 0.654902, 0.65098, 0, 1 )
border_width_left = 2
border_width_top = 2
border_width_right = 2
border_width_bottom = 2
border_color = Color( 1, 1, 1, 1 )
corner_radius_top_left = 10
corner_radius_top_right = 10
corner_radius_bottom_right = 10
corner_radius_bottom_left = 10

[sub_resource type="StyleBoxFlat" id=12]
bg_color = Color( 0.654902, 0.65098, 0, 1 )
border_width_left = 2
border_width_top = 2
border_width_right = 2
border_width_bottom = 2
border_color = Color( 1, 1, 1, 1 )
corner_radius_top_left = 10
corner_radius_top_right = 10
corner_radius_bottom_right = 10
corner_radius_bottom_left = 10

[sub_resource type="StyleBoxFlat" id=13]
bg_color = Color( 0.654902, 0.65098, 0, 1 )
border_width_left = 2
border_width_top = 2
border_width_right = 2
border_width_bottom = 2
border_color = Color( 0, 0, 0, 1 )
corner_radius_top_left = 10
corner_radius_top_right = 10
corner_radius_bottom_right = 10
corner_radius_bottom_left = 10

[sub_resource type="RectangleShape2D" id=14]
extents = Vector2( 32, 34 )

[sub_resource type="RectangleShape2D" id=15]
extents = Vector2( 21.2132, 13.0815 )

[sub_resource type="RectangleShape2D" id=16]
extents = Vector2( 14.1388, 12.3743 )

[node name="BattleField" type="Node2D"]
position = Vector2( -2, 2 )
script = ExtResource( 8 )

[node name="MainBackground" type="Sprite" parent="."]
modulate = Color( 1, 1, 1, 0.0862745 )
position = Vector2( 516, 299 )
scale = Vector2( 0.8, 0.759166 )
texture = ExtResource( 9 )

[node name="Camera2D" type="Camera2D" parent="."]
position = Vector2( 516, 301 )
current = true
__meta__ = {
"_editor_description_": ""
}

[node name="LblJoueur" type="Label" parent="."]
margin_left = 534.0
margin_top = 11.0
margin_right = 1021.0
margin_bottom = 35.0
rect_pivot_offset = Vector2( -199, 24 )
custom_fonts/font = ExtResource( 2 )
custom_colors/font_color = Color( 0, 0.345098, 1, 1 )
text = "Joueur 2"
valign = 1
__meta__ = {
"_edit_use_anchors_": false
}

[node name="LblTitre" type="Label" parent="."]
margin_left = 9.0
margin_top = 10.0
margin_right = 534.0
margin_bottom = 34.0
rect_pivot_offset = Vector2( 208, 24 )
custom_fonts/font = ExtResource( 2 )
custom_colors/font_color = Color( 0, 0, 0, 1 )
text = "Préparez-vous au combat, "
align = 2
valign = 1
__meta__ = {
"_edit_use_anchors_": false
}

[node name="BtnEquipe" type="Button" parent="."]
margin_left = 123.0
margin_top = 496.0
margin_right = 285.0
margin_bottom = 528.0
rect_pivot_offset = Vector2( 96, -72 )
mouse_default_cursor_shape = 2
custom_styles/hover = SubResource( 1 )
custom_styles/pressed = SubResource( 2 )
custom_styles/focus = SubResource( 2 )
custom_styles/normal = SubResource( 3 )
custom_fonts/font = ExtResource( 1 )
custom_colors/font_color_disabled = Color( 0, 0, 0, 1 )
custom_colors/font_color = Color( 0, 0, 0, 1 )
custom_colors/font_color_hover = Color( 0, 0, 0, 1 )
text = "Statistiques de l'équipe"

[node name="BtnQuestion" type="Button" parent="."]
margin_left = 986.0
margin_top = 6.0
margin_right = 1019.0
margin_bottom = 38.0
rect_pivot_offset = Vector2( 18, 16 )
mouse_default_cursor_shape = 2
custom_styles/hover = SubResource( 4 )
custom_styles/pressed = SubResource( 5 )
custom_styles/focus = SubResource( 5 )
custom_styles/normal = SubResource( 6 )
custom_fonts/font = ExtResource( 1 )
custom_colors/font_color_disabled = Color( 0, 0, 0, 1 )
custom_colors/font_color = Color( 0, 0, 0, 1 )
custom_colors/font_color_hover = Color( 0, 0, 0, 1 )
text = "?"
__meta__ = {
"_edit_use_anchors_": false
}

[node name="BtnOptions" type="Button" parent="."]
margin_left = 18.0
margin_top = 14.0
margin_right = 90.0
margin_bottom = 46.0
rect_pivot_offset = Vector2( 18, 16 )
mouse_default_cursor_shape = 2
custom_styles/hover = SubResource( 4 )
custom_styles/pressed = SubResource( 5 )
custom_styles/focus = SubResource( 5 )
custom_styles/normal = SubResource( 6 )
custom_fonts/font = ExtResource( 1 )
custom_colors/font_color_disabled = Color( 0, 0, 0, 1 )
custom_colors/font_color = Color( 0, 0, 0, 1 )
custom_colors/font_color_hover = Color( 0, 0, 0, 1 )
text = "Options"
__meta__ = {
"_edit_use_anchors_": false
}

[node name="BtnFinDeTour" type="Button" parent="."]
margin_left = 416.0
margin_top = 538.0
margin_right = 581.0
margin_bottom = 586.0
rect_pivot_offset = Vector2( 96, -72 )
mouse_default_cursor_shape = 2
custom_styles/hover = SubResource( 7 )
custom_styles/pressed = SubResource( 8 )
custom_styles/focus = ExtResource( 6 )
custom_styles/normal = ExtResource( 6 )
custom_fonts/font = ExtResource( 1 )
custom_colors/font_color_disabled = Color( 0, 0, 0, 1 )
custom_colors/font_color = Color( 0, 0, 0, 1 )
custom_colors/font_color_hover = Color( 0, 0, 0, 1 )
text = "Fin de tour"
__meta__ = {
"_edit_use_anchors_": false
}

[node name="Persos" type="Node2D" parent="."]
position = Vector2( 35, 170 )

[node name="Soldat" type="Area2D" parent="Persos"]
position = Vector2( 9, -20 )
__meta__ = {
"_edit_group_": true
}

[node name="Selectionne" type="Sprite" parent="Persos/Soldat"]
visible = false
position = Vector2( 1.5, 1.5 )
scale = Vector2( 0.175556, 0.175556 )
texture = ExtResource( 13 )

[node name="Envoyé" type="Sprite" parent="Persos/Soldat"]
visible = false
position = Vector2( 1.5, 1.5 )
scale = Vector2( 0.175556, 0.175556 )
texture = ExtResource( 14 )
__meta__ = {
"_editor_description_": ""
}

[node name="CollisionShape2D" type="CollisionShape2D" parent="Persos/Soldat"]
visible = false
shape = SubResource( 9 )

[node name="Sprite" type="Sprite" parent="Persos/Soldat"]
scale = Vector2( 0.5, 0.5 )
texture = ExtResource( 5 )

[node name="Soldat2" type="Area2D" parent="Persos"]
position = Vector2( 87, -20 )
__meta__ = {
"_edit_group_": true
}

[node name="Selectionne" type="Sprite" parent="Persos/Soldat2"]
visible = false
position = Vector2( 1.5, 1.5 )
scale = Vector2( 0.175556, 0.175556 )
texture = ExtResource( 13 )
__meta__ = {
"_editor_description_": ""
}

[node name="Envoyé" type="Sprite" parent="Persos/Soldat2"]
visible = false
position = Vector2( 1.5, 1.5 )
scale = Vector2( 0.175556, 0.175556 )
texture = ExtResource( 14 )
__meta__ = {
"_editor_description_": ""
}

[node name="CollisionShape2D" type="CollisionShape2D" parent="Persos/Soldat2"]
visible = false
shape = SubResource( 9 )

[node name="Sprite" type="Sprite" parent="Persos/Soldat2"]
scale = Vector2( 0.5, 0.5 )
texture = ExtResource( 5 )

[node name="Soldat3" type="Area2D" parent="Persos"]
position = Vector2( 167, -20 )
__meta__ = {
"_edit_group_": true
}

[node name="Selectionne" type="Sprite" parent="Persos/Soldat3"]
visible = false
position = Vector2( 1.5, 1.5 )
scale = Vector2( 0.175556, 0.175556 )
texture = ExtResource( 13 )
__meta__ = {
"_editor_description_": ""
}

[node name="Envoyé" type="Sprite" parent="Persos/Soldat3"]
visible = false
position = Vector2( 1.5, 1.5 )
scale = Vector2( 0.175556, 0.175556 )
texture = ExtResource( 14 )
__meta__ = {
"_editor_description_": ""
}

[node name="CollisionShape2D" type="CollisionShape2D" parent="Persos/Soldat3"]
visible = false
shape = SubResource( 9 )

[node name="Sprite" type="Sprite" parent="Persos/Soldat3"]
scale = Vector2( 0.5, 0.5 )
texture = ExtResource( 5 )

[node name="Soldat4" type="Area2D" parent="Persos"]
position = Vector2( 247, -20 )
__meta__ = {
"_edit_group_": true
}

[node name="Selectionne" type="Sprite" parent="Persos/Soldat4"]
visible = false
position = Vector2( 1.5, 1.5 )
scale = Vector2( 0.175556, 0.175556 )
texture = ExtResource( 13 )
__meta__ = {
"_editor_description_": ""
}

[node name="Envoyé" type="Sprite" parent="Persos/Soldat4"]
visible = false
position = Vector2( 1.5, 1.5 )
scale = Vector2( 0.175556, 0.175556 )
texture = ExtResource( 14 )
__meta__ = {
"_editor_description_": ""
}

[node name="CollisionShape2D" type="CollisionShape2D" parent="Persos/Soldat4"]
visible = false
shape = SubResource( 9 )

[node name="Sprite" type="Sprite" parent="Persos/Soldat4"]
scale = Vector2( 0.5, 0.5 )
texture = ExtResource( 5 )

[node name="Soldat5" type="Area2D" parent="Persos"]
position = Vector2( 327, -20 )
__meta__ = {
"_edit_group_": true
}

[node name="Selectionne" type="Sprite" parent="Persos/Soldat5"]
visible = false
position = Vector2( 1.5, 1.5 )
scale = Vector2( 0.175556, 0.175556 )
texture = ExtResource( 13 )
__meta__ = {
"_editor_description_": ""
}

[node name="Envoyé" type="Sprite" parent="Persos/Soldat5"]
visible = false
position = Vector2( 1.5, 1.5 )
scale = Vector2( 0.175556, 0.175556 )
texture = ExtResource( 14 )
__meta__ = {
"_editor_description_": ""
}

[node name="CollisionShape2D" type="CollisionShape2D" parent="Persos/Soldat5"]
visible = false
shape = SubResource( 9 )

[node name="Sprite" type="Sprite" parent="Persos/Soldat5"]
scale = Vector2( 0.5, 0.5 )
texture = ExtResource( 5 )

[node name="Soldat6" type="Area2D" parent="Persos"]
position = Vector2( 7, 68 )
__meta__ = {
"_edit_group_": true
}

[node name="Selectionne" type="Sprite" parent="Persos/Soldat6"]
visible = false
position = Vector2( 1.5, 1.5 )
scale = Vector2( 0.175556, 0.175556 )
texture = ExtResource( 13 )
__meta__ = {
"_editor_description_": ""
}

[node name="Envoyé" type="Sprite" parent="Persos/Soldat6"]
visible = false
position = Vector2( 1.5, 1.5 )
scale = Vector2( 0.175556, 0.175556 )
texture = ExtResource( 14 )
__meta__ = {
"_editor_description_": ""
}

[node name="CollisionShape2D" type="CollisionShape2D" parent="Persos/Soldat6"]
visible = false
shape = SubResource( 9 )

[node name="Sprite" type="Sprite" parent="Persos/Soldat6"]
scale = Vector2( 0.5, 0.5 )
texture = ExtResource( 5 )

[node name="Soldat7" type="Area2D" parent="Persos"]
position = Vector2( 87, 68 )
__meta__ = {
"_edit_group_": true
}

[node name="Selectionne" type="Sprite" parent="Persos/Soldat7"]
visible = false
position = Vector2( 1.5, 1.5 )
scale = Vector2( 0.175556, 0.175556 )
texture = ExtResource( 13 )
__meta__ = {
"_editor_description_": ""
}

[node name="Envoyé" type="Sprite" parent="Persos/Soldat7"]
visible = false
position = Vector2( 1.5, 1.5 )
scale = Vector2( 0.175556, 0.175556 )
texture = ExtResource( 14 )
__meta__ = {
"_editor_description_": ""
}

[node name="CollisionShape2D" type="CollisionShape2D" parent="Persos/Soldat7"]
visible = false
shape = SubResource( 9 )

[node name="Sprite" type="Sprite" parent="Persos/Soldat7"]
scale = Vector2( 0.5, 0.5 )
texture = ExtResource( 5 )

[node name="Soldat8" type="Area2D" parent="Persos"]
position = Vector2( 167, 68 )
__meta__ = {
"_edit_group_": true
}

[node name="Selectionne" type="Sprite" parent="Persos/Soldat8"]
visible = false
position = Vector2( 1.5, 1.5 )
scale = Vector2( 0.175556, 0.175556 )
texture = ExtResource( 13 )
__meta__ = {
"_editor_description_": ""
}

[node name="Envoyé" type="Sprite" parent="Persos/Soldat8"]
visible = false
position = Vector2( 1.5, 1.5 )
scale = Vector2( 0.175556, 0.175556 )
texture = ExtResource( 14 )
__meta__ = {
"_editor_description_": ""
}

[node name="CollisionShape2D" type="CollisionShape2D" parent="Persos/Soldat8"]
visible = false
shape = SubResource( 9 )

[node name="Sprite" type="Sprite" parent="Persos/Soldat8"]
scale = Vector2( 0.5, 0.5 )
texture = ExtResource( 5 )

[node name="Soldat9" type="Area2D" parent="Persos"]
position = Vector2( 247, 68 )
__meta__ = {
"_edit_group_": true
}

[node name="Selectionne" type="Sprite" parent="Persos/Soldat9"]
visible = false
position = Vector2( 1.5, 1.5 )
scale = Vector2( 0.175556, 0.175556 )
texture = ExtResource( 13 )
__meta__ = {
"_editor_description_": ""
}

[node name="Envoyé" type="Sprite" parent="Persos/Soldat9"]
visible = false
position = Vector2( 1.5, 1.5 )
scale = Vector2( 0.175556, 0.175556 )
texture = ExtResource( 14 )
__meta__ = {
"_editor_description_": ""
}

[node name="CollisionShape2D" type="CollisionShape2D" parent="Persos/Soldat9"]
visible = false
shape = SubResource( 9 )

[node name="Sprite" type="Sprite" parent="Persos/Soldat9"]
scale = Vector2( 0.5, 0.5 )
texture = ExtResource( 5 )

[node name="Soldat10" type="Area2D" parent="Persos"]
position = Vector2( 327, 68 )
__meta__ = {
"_edit_group_": true
}

[node name="Selectionne" type="Sprite" parent="Persos/Soldat10"]
visible = false
position = Vector2( 1.5, 1.5 )
scale = Vector2( 0.175556, 0.175556 )
texture = ExtResource( 13 )
__meta__ = {
"_editor_description_": ""
}

[node name="Envoyé" type="Sprite" parent="Persos/Soldat10"]
visible = false
position = Vector2( 1.5, 1.5 )
scale = Vector2( 0.175556, 0.175556 )
texture = ExtResource( 14 )
__meta__ = {
"_editor_description_": ""
}

[node name="CollisionShape2D" type="CollisionShape2D" parent="Persos/Soldat10"]
visible = false
shape = SubResource( 9 )

[node name="Sprite" type="Sprite" parent="Persos/Soldat10"]
scale = Vector2( 0.5, 0.5 )
texture = ExtResource( 5 )

[node name="Soldat11" type="Area2D" parent="Persos"]
position = Vector2( 7, 156 )
__meta__ = {
"_edit_group_": true
}

[node name="Selectionne" type="Sprite" parent="Persos/Soldat11"]
visible = false
position = Vector2( 1.5, 1.5 )
scale = Vector2( 0.175556, 0.175556 )
texture = ExtResource( 13 )
__meta__ = {
"_editor_description_": ""
}

[node name="Envoyé" type="Sprite" parent="Persos/Soldat11"]
visible = false
position = Vector2( 1.5, 1.5 )
scale = Vector2( 0.175556, 0.175556 )
texture = ExtResource( 14 )
__meta__ = {
"_editor_description_": ""
}

[node name="CollisionShape2D" type="CollisionShape2D" parent="Persos/Soldat11"]
visible = false
shape = SubResource( 9 )

[node name="Sprite" type="Sprite" parent="Persos/Soldat11"]
scale = Vector2( 0.5, 0.5 )
texture = ExtResource( 5 )

[node name="Soldat12" type="Area2D" parent="Persos"]
position = Vector2( 87, 156 )
__meta__ = {
"_edit_group_": true
}

[node name="Selectionne" type="Sprite" parent="Persos/Soldat12"]
visible = false
position = Vector2( 1.5, 1.5 )
scale = Vector2( 0.175556, 0.175556 )
texture = ExtResource( 13 )
__meta__ = {
"_editor_description_": ""
}

[node name="Envoyé" type="Sprite" parent="Persos/Soldat12"]
visible = false
position = Vector2( 1.5, 1.5 )
scale = Vector2( 0.175556, 0.175556 )
texture = ExtResource( 14 )
__meta__ = {
"_editor_description_": ""
}

[node name="CollisionShape2D" type="CollisionShape2D" parent="Persos/Soldat12"]
visible = false
shape = SubResource( 9 )

[node name="Sprite" type="Sprite" parent="Persos/Soldat12"]
scale = Vector2( 0.5, 0.5 )
texture = ExtResource( 5 )

[node name="Soldat13" type="Area2D" parent="Persos"]
position = Vector2( 167, 156 )
__meta__ = {
"_edit_group_": true
}

[node name="Selectionne" type="Sprite" parent="Persos/Soldat13"]
visible = false
position = Vector2( 1.5, 1.5 )
scale = Vector2( 0.175556, 0.175556 )
texture = ExtResource( 13 )
__meta__ = {
"_editor_description_": ""
}

[node name="Envoyé" type="Sprite" parent="Persos/Soldat13"]
visible = false
position = Vector2( 1.5, 1.5 )
scale = Vector2( 0.175556, 0.175556 )
texture = ExtResource( 14 )
__meta__ = {
"_editor_description_": ""
}

[node name="CollisionShape2D" type="CollisionShape2D" parent="Persos/Soldat13"]
visible = false
shape = SubResource( 9 )

[node name="Sprite" type="Sprite" parent="Persos/Soldat13"]
scale = Vector2( 0.5, 0.5 )
texture = ExtResource( 5 )

[node name="Soldat14" type="Area2D" parent="Persos"]
position = Vector2( 247, 156 )
__meta__ = {
"_edit_group_": true
}

[node name="Selectionne" type="Sprite" parent="Persos/Soldat14"]
visible = false
position = Vector2( 1.5, 1.5 )
scale = Vector2( 0.175556, 0.175556 )
texture = ExtResource( 13 )
__meta__ = {
"_editor_description_": ""
}

[node name="Envoyé" type="Sprite" parent="Persos/Soldat14"]
visible = false
position = Vector2( 1.5, 1.5 )
scale = Vector2( 0.175556, 0.175556 )
texture = ExtResource( 14 )
__meta__ = {
"_editor_description_": ""
}

[node name="CollisionShape2D" type="CollisionShape2D" parent="Persos/Soldat14"]
visible = false
shape = SubResource( 9 )

[node name="Sprite" type="Sprite" parent="Persos/Soldat14"]
scale = Vector2( 0.5, 0.5 )
texture = ExtResource( 3 )

[node name="Soldat15" type="Area2D" parent="Persos"]
position = Vector2( 327, 156 )
__meta__ = {
"_edit_group_": true
}

[node name="Selectionne" type="Sprite" parent="Persos/Soldat15"]
visible = false
position = Vector2( 1.5, 1.5 )
scale = Vector2( 0.175556, 0.175556 )
texture = ExtResource( 13 )
__meta__ = {
"_editor_description_": ""
}

[node name="Envoyé" type="Sprite" parent="Persos/Soldat15"]
visible = false
position = Vector2( 1.5, 1.5 )
scale = Vector2( 0.175556, 0.175556 )
texture = ExtResource( 14 )
__meta__ = {
"_editor_description_": ""
}

[node name="CollisionShape2D" type="CollisionShape2D" parent="Persos/Soldat15"]
visible = false
shape = SubResource( 9 )

[node name="Sprite" type="Sprite" parent="Persos/Soldat15"]
scale = Vector2( 0.5, 0.5 )
texture = ExtResource( 3 )

[node name="Soldat16" type="Area2D" parent="Persos"]
position = Vector2( 7, 276 )
__meta__ = {
"_edit_group_": true
}

[node name="Selectionne" type="Sprite" parent="Persos/Soldat16"]
visible = false
position = Vector2( 1.5, 1.5 )
scale = Vector2( 0.175556, 0.175556 )
texture = ExtResource( 13 )
__meta__ = {
"_editor_description_": ""
}

[node name="Envoyé" type="Sprite" parent="Persos/Soldat16"]
visible = false
position = Vector2( 1.5, 1.5 )
scale = Vector2( 0.175556, 0.175556 )
texture = ExtResource( 14 )
__meta__ = {
"_editor_description_": ""
}

[node name="CollisionShape2D" type="CollisionShape2D" parent="Persos/Soldat16"]
visible = false
shape = SubResource( 9 )

[node name="Sprite" type="Sprite" parent="Persos/Soldat16"]
scale = Vector2( 0.5, 0.5 )
texture = ExtResource( 5 )

[node name="Soldat17" type="Area2D" parent="Persos"]
position = Vector2( 87, 276 )
__meta__ = {
"_edit_group_": true
}

[node name="Selectionne" type="Sprite" parent="Persos/Soldat17"]
visible = false
position = Vector2( 1.5, 1.5 )
scale = Vector2( 0.175556, 0.175556 )
texture = ExtResource( 13 )
__meta__ = {
"_editor_description_": ""
}

[node name="Envoyé" type="Sprite" parent="Persos/Soldat17"]
visible = false
position = Vector2( 1.5, 1.5 )
scale = Vector2( 0.175556, 0.175556 )
texture = ExtResource( 14 )
__meta__ = {
"_editor_description_": ""
}

[node name="CollisionShape2D" type="CollisionShape2D" parent="Persos/Soldat17"]
visible = false
shape = SubResource( 9 )

[node name="Sprite" type="Sprite" parent="Persos/Soldat17"]
scale = Vector2( 0.5, 0.5 )
texture = ExtResource( 5 )

[node name="Soldat18" type="Area2D" parent="Persos"]
position = Vector2( 167, 276 )
__meta__ = {
"_edit_group_": true
}

[node name="Selectionne" type="Sprite" parent="Persos/Soldat18"]
visible = false
position = Vector2( 1.5, 1.5 )
scale = Vector2( 0.175556, 0.175556 )
texture = ExtResource( 13 )
__meta__ = {
"_editor_description_": ""
}

[node name="Envoyé" type="Sprite" parent="Persos/Soldat18"]
visible = false
position = Vector2( 1.5, 1.5 )
scale = Vector2( 0.175556, 0.175556 )
texture = ExtResource( 14 )
__meta__ = {
"_editor_description_": ""
}

[node name="CollisionShape2D" type="CollisionShape2D" parent="Persos/Soldat18"]
visible = false
shape = SubResource( 9 )

[node name="Sprite" type="Sprite" parent="Persos/Soldat18"]
scale = Vector2( 0.5, 0.5 )
texture = ExtResource( 3 )

[node name="Soldat19" type="Area2D" parent="Persos"]
position = Vector2( 247, 276 )
__meta__ = {
"_edit_group_": true
}

[node name="Selectionne" type="Sprite" parent="Persos/Soldat19"]
visible = false
position = Vector2( 1.5, 1.5 )
scale = Vector2( 0.175556, 0.175556 )
texture = ExtResource( 13 )
__meta__ = {
"_editor_description_": ""
}

[node name="Envoyé" type="Sprite" parent="Persos/Soldat19"]
visible = false
position = Vector2( 1.5, 1.5 )
scale = Vector2( 0.175556, 0.175556 )
texture = ExtResource( 14 )
__meta__ = {
"_editor_description_": ""
}

[node name="CollisionShape2D" type="CollisionShape2D" parent="Persos/Soldat19"]
visible = false
shape = SubResource( 9 )

[node name="Sprite" type="Sprite" parent="Persos/Soldat19"]
scale = Vector2( 0.5, 0.5 )
texture = ExtResource( 3 )

[node name="Soldat20" type="Area2D" parent="Persos"]
position = Vector2( 327, 276 )
__meta__ = {
"_edit_group_": true
}

[node name="Selectionne" type="Sprite" parent="Persos/Soldat20"]
visible = false
position = Vector2( 1.5, 1.5 )
scale = Vector2( 0.175556, 0.175556 )
texture = ExtResource( 13 )
__meta__ = {
"_editor_description_": ""
}

[node name="Envoyé" type="Sprite" parent="Persos/Soldat20"]
visible = false
position = Vector2( 1.5, 1.5 )
scale = Vector2( 0.175556, 0.175556 )
texture = ExtResource( 14 )
__meta__ = {
"_editor_description_": ""
}

[node name="CollisionShape2D" type="CollisionShape2D" parent="Persos/Soldat20"]
visible = false
shape = SubResource( 9 )

[node name="Sprite" type="Sprite" parent="Persos/Soldat20"]
scale = Vector2( 0.5, 0.5 )
texture = ExtResource( 4 )

[node name="LblTroupes" type="Label" parent="Persos"]
margin_left = 132.0
margin_top = -86.0
margin_right = 220.0
margin_bottom = -67.0
rect_pivot_offset = Vector2( 44, 10 )
custom_fonts/font = ExtResource( 2 )
custom_colors/font_color = Color( 0, 0, 0, 1 )
text = "Vos troupes"
align = 1
valign = 1

[node name="LblReservistes" type="Label" parent="Persos"]
margin_left = 118.0
margin_top = 201.0
margin_right = 231.0
margin_bottom = 220.0
rect_pivot_offset = Vector2( 44, 10 )
custom_fonts/font = ExtResource( 2 )
custom_colors/font_color = Color( 0, 0, 0, 1 )
text = "Vos réservistes"
align = 1
valign = 1

[node name="UTT_battlefieds" type="Node" parent="."]

[node name="UTT_battlefield" type="Area2D" parent="UTT_battlefieds"]
position = Vector2( 0, -11 )
__meta__ = {
"_edit_group_": true
}

[node name="Utt1" type="Sprite" parent="UTT_battlefieds/UTT_battlefield"]
position = Vector2( 523, 211 )
scale = Vector2( 0.1075, 0.15963 )
texture = ExtResource( 7 )
offset = Vector2( -316.279, 144.083 )

[node name="LblUTT1" type="Label" parent="UTT_battlefieds/UTT_battlefield"]
margin_left = 442.0
margin_top = 291.0
margin_right = 531.0
margin_bottom = 305.0
custom_colors/font_color = Color( 0, 0, 0, 1 )
text = "Halle sportive"
align = 1
__meta__ = {
"_edit_use_anchors_": false
}

[node name="CollisionShape2D" type="CollisionShape2D" parent="UTT_battlefieds/UTT_battlefield"]
visible = false
position = Vector2( 490, 243.75 )
shape = SubResource( 10 )

[node name="Sprite" type="Sprite" parent="UTT_battlefieds/UTT_battlefield"]
position = Vector2( 549, 188 )
z_index = 1
texture = ExtResource( 12 )
hframes = 7

[node name="UTT_battlefield1" type="Area2D" parent="UTT_battlefieds"]
position = Vector2( 224, -64 )
__meta__ = {
"_edit_group_": true
}

[node name="Utt1" type="Sprite" parent="UTT_battlefieds/UTT_battlefield1"]
position = Vector2( 523, 211 )
scale = Vector2( 0.1075, 0.15963 )
texture = ExtResource( 7 )
offset = Vector2( -316.279, 144.083 )

[node name="LblUTT1" type="Label" parent="UTT_battlefieds/UTT_battlefield1"]
margin_left = 442.0
margin_top = 291.0
margin_right = 531.0
margin_bottom = 305.0
custom_colors/font_color = Color( 0, 0, 0, 1 )
text = "Bibliothèque"
align = 1
__meta__ = {
"_edit_use_anchors_": false
}

[node name="CollisionShape2D" type="CollisionShape2D" parent="UTT_battlefieds/UTT_battlefield1"]
visible = false
position = Vector2( 490, 243.75 )
shape = SubResource( 10 )

[node name="Sprite" type="Sprite" parent="UTT_battlefieds/UTT_battlefield1"]
position = Vector2( 549, 188 )
z_index = 1
texture = ExtResource( 12 )
hframes = 7

[node name="UTT_battlefield2" type="Area2D" parent="UTT_battlefieds"]
position = Vector2( 448, -24 )
__meta__ = {
"_edit_group_": true
}

[node name="Utt1" type="Sprite" parent="UTT_battlefieds/UTT_battlefield2"]
position = Vector2( 523, 211 )
scale = Vector2( 0.1075, 0.15963 )
texture = ExtResource( 7 )
offset = Vector2( -316.279, 144.083 )

[node name="LblUTT1" type="Label" parent="UTT_battlefieds/UTT_battlefield2"]
margin_left = 442.0
margin_top = 291.0
margin_right = 531.0
margin_bottom = 305.0
custom_colors/font_color = Color( 0, 0, 0, 1 )
text = "BDE"
align = 1
__meta__ = {
"_edit_use_anchors_": false
}

[node name="CollisionShape2D" type="CollisionShape2D" parent="UTT_battlefieds/UTT_battlefield2"]
visible = false
position = Vector2( 490, 243.75 )
shape = SubResource( 10 )

[node name="Sprite" type="Sprite" parent="UTT_battlefieds/UTT_battlefield2"]
position = Vector2( 549, 188 )
z_index = 1
texture = ExtResource( 12 )
hframes = 7
frame = 2

[node name="UTT_battlefield3" type="Area2D" parent="UTT_battlefieds"]
position = Vector2( 368, 176 )
__meta__ = {
"_edit_group_": true
}

[node name="Utt1" type="Sprite" parent="UTT_battlefieds/UTT_battlefield3"]
position = Vector2( 523, 211 )
scale = Vector2( 0.1075, 0.15963 )
texture = ExtResource( 7 )
offset = Vector2( -316.279, 144.083 )

[node name="LblUTT1" type="Label" parent="UTT_battlefieds/UTT_battlefield3"]
margin_left = 397.0
margin_top = 291.0
margin_right = 580.0
margin_bottom = 305.0
custom_colors/font_color = Color( 0, 0, 0, 1 )
text = "Quartier administratif"
align = 1

[node name="CollisionShape2D" type="CollisionShape2D" parent="UTT_battlefieds/UTT_battlefield3"]
visible = false
position = Vector2( 490, 243.75 )
shape = SubResource( 10 )

[node name="Sprite" type="Sprite" parent="UTT_battlefieds/UTT_battlefield3"]
position = Vector2( 549, 188 )
z_index = 1
texture = ExtResource( 12 )
hframes = 7
frame = 2

[node name="UTT_battlefield4" type="Area2D" parent="UTT_battlefieds"]
position = Vector2( 136, 176 )
__meta__ = {
"_edit_group_": true
}

[node name="Utt1" type="Sprite" parent="UTT_battlefieds/UTT_battlefield4"]
position = Vector2( 523, 211 )
scale = Vector2( 0.1075, 0.15963 )
texture = ExtResource( 7 )
offset = Vector2( -316.279, 144.083 )

[node name="LblUTT1" type="Label" parent="UTT_battlefieds/UTT_battlefield4"]
margin_left = 413.0
margin_top = 291.0
margin_right = 567.0
margin_bottom = 305.0
custom_colors/font_color = Color( 0, 0, 0, 1 )
text = "Halle industrielle"
align = 1

[node name="CollisionShape2D" type="CollisionShape2D" parent="UTT_battlefieds/UTT_battlefield4"]
visible = false
position = Vector2( 490, 243.75 )
shape = SubResource( 10 )

[node name="Sprite" type="Sprite" parent="UTT_battlefieds/UTT_battlefield4"]
position = Vector2( 549, 188 )
z_index = 1
texture = ExtResource( 12 )
hframes = 7
frame = 1

[node name="PannelAide" type="Node2D" parent="."]
z_index = 2
__meta__ = {
"_editor_description_": ""
}

[node name="Bloquer" type="ColorRect" parent="PannelAide"]
margin_right = 1026.0
margin_bottom = 598.0
color = Color( 1, 1, 1, 0.509804 )
__meta__ = {
"_edit_use_anchors_": false
}

[node name="Fond" type="ColorRect" parent="PannelAide"]
margin_left = 125.0
margin_top = 146.0
margin_right = 914.0
margin_bottom = 466.0
color = Color( 0, 0, 0, 1 )

[node name="Avant" type="ColorRect" parent="PannelAide"]
margin_left = 133.0
margin_top = 153.0
margin_right = 907.0
margin_bottom = 457.0
color = Color( 0.654902, 0.45098, 0, 0.376471 )

[node name="BtnQuestionFermer" type="Button" parent="PannelAide"]
margin_left = 871.0
margin_top = 155.0
margin_right = 903.0
margin_bottom = 187.0
rect_pivot_offset = Vector2( 96, -72 )
mouse_default_cursor_shape = 2
custom_styles/hover = SubResource( 11 )
custom_styles/pressed = SubResource( 12 )
custom_styles/focus = SubResource( 12 )
custom_styles/normal = SubResource( 13 )
custom_fonts/font = ExtResource( 1 )
custom_colors/font_color_disabled = Color( 0, 0, 0, 1 )
custom_colors/font_color = Color( 0, 0, 0, 1 )
custom_colors/font_color_hover = Color( 0, 0, 0, 1 )
text = "X"
__meta__ = {
"_edit_use_anchors_": false
}

[node name="Label" type="Label" parent="PannelAide"]
margin_left = 149.0
margin_top = 175.0
margin_right = 900.0
margin_bottom = 436.0
custom_fonts/font = ExtResource( 2 )
text = "C'est la guerre !

Répartissez vos troupes dans chacuns des lieux pour remporter la victoire.
Les réservistes n'entre en jeu que lors de la seconde manche.

Le premier joueur à contrôler la majorité des lieux gagne la partie.

En passant votre souris sur un lieu, vous verrez les combattants qui y sont.
En passant votre souris sur un combattant, vous verrez dans quel lieu il se trouve.

(Cette maquette représente la partie après un tour de jeu : les unités sont toutes déjà placées.)
(Le bouton fin de tour lancerait un combat, simulation non réalisée dans cette maquette.)"
align = 1
__meta__ = {
"_edit_use_anchors_": false
}

[node name="Equipe" type="Node2D" parent="."]
position = Vector2( 514, 530 )

[node name="Persos" type="Node2D" parent="Equipe"]
position = Vector2( 61.2, 248 )

[node name="Perso" type="Area2D" parent="Equipe/Persos"]
position = Vector2( 21.6, -56 )
__meta__ = {
"_edit_group_": true
}

[node name="CollisionShape2D" type="CollisionShape2D" parent="Equipe/Persos/Perso"]
shape = SubResource( 14 )

[node name="Sprite" type="Sprite" parent="Equipe/Persos/Perso"]
scale = Vector2( 0.5, 0.5 )
texture = ExtResource( 5 )

[node name="Perso2" type="Area2D" parent="Equipe/Persos"]
position = Vector2( 149.6, -56 )
rotation = -0.00334394
__meta__ = {
"_edit_group_": true
}

[node name="CollisionShape2D" type="CollisionShape2D" parent="Equipe/Persos/Perso2"]
shape = SubResource( 14 )

[node name="Sprite" type="Sprite" parent="Equipe/Persos/Perso2"]
scale = Vector2( 0.5, 0.5 )
texture = ExtResource( 5 )

[node name="Perso3" type="Area2D" parent="Equipe/Persos"]
position = Vector2( 277.6, -56 )
rotation = -0.00334394
__meta__ = {
"_edit_group_": true
}

[node name="CollisionShape2D" type="CollisionShape2D" parent="Equipe/Persos/Perso3"]
shape = SubResource( 14 )

[node name="Sprite" type="Sprite" parent="Equipe/Persos/Perso3"]
scale = Vector2( 0.5, 0.5 )
texture = ExtResource( 5 )

[node name="Perso4" type="Area2D" parent="Equipe/Persos"]
position = Vector2( 405.6, -56 )
rotation = -0.00334394
__meta__ = {
"_edit_group_": true
}

[node name="CollisionShape2D" type="CollisionShape2D" parent="Equipe/Persos/Perso4"]
shape = SubResource( 14 )

[node name="Sprite" type="Sprite" parent="Equipe/Persos/Perso4"]
scale = Vector2( 0.5, 0.5 )
texture = ExtResource( 5 )

[node name="Perso5" type="Area2D" parent="Equipe/Persos"]
position = Vector2( 18.8, 72 )
__meta__ = {
"_edit_group_": true
}

[node name="CollisionShape2D" type="CollisionShape2D" parent="Equipe/Persos/Perso5"]
shape = SubResource( 14 )

[node name="Sprite" type="Sprite" parent="Equipe/Persos/Perso5"]
scale = Vector2( 0.5, 0.5 )
texture = ExtResource( 5 )

[node name="Perso6" type="Area2D" parent="Equipe/Persos"]
position = Vector2( 149.6, 72 )
rotation = -0.00334394
__meta__ = {
"_edit_group_": true
}

[node name="CollisionShape2D" type="CollisionShape2D" parent="Equipe/Persos/Perso6"]
shape = SubResource( 14 )

[node name="Sprite" type="Sprite" parent="Equipe/Persos/Perso6"]
scale = Vector2( 0.5, 0.5 )
texture = ExtResource( 5 )

[node name="Perso7" type="Area2D" parent="Equipe/Persos"]
position = Vector2( 277.6, 72 )
rotation = -0.00334394
__meta__ = {
"_edit_group_": true
}

[node name="CollisionShape2D" type="CollisionShape2D" parent="Equipe/Persos/Perso7"]
shape = SubResource( 14 )

[node name="Sprite" type="Sprite" parent="Equipe/Persos/Perso7"]
scale = Vector2( 0.5, 0.5 )
texture = ExtResource( 5 )

[node name="Perso8" type="Area2D" parent="Equipe/Persos"]
position = Vector2( 405.6, 72 )
rotation = -0.00334394
__meta__ = {
"_edit_group_": true
}

[node name="CollisionShape2D" type="CollisionShape2D" parent="Equipe/Persos/Perso8"]
shape = SubResource( 14 )

[node name="Sprite" type="Sprite" parent="Equipe/Persos/Perso8"]
scale = Vector2( 0.5, 0.5 )
texture = ExtResource( 5 )

[node name="Perso9" type="Area2D" parent="Equipe/Persos"]
position = Vector2( 18.8, 200 )
__meta__ = {
"_edit_group_": true
}

[node name="CollisionShape2D" type="CollisionShape2D" parent="Equipe/Persos/Perso9"]
shape = SubResource( 14 )

[node name="Sprite" type="Sprite" parent="Equipe/Persos/Perso9"]
scale = Vector2( 0.5, 0.5 )
texture = ExtResource( 5 )

[node name="Perso10" type="Area2D" parent="Equipe/Persos"]
position = Vector2( 149.6, 200 )
rotation = -0.00334394
__meta__ = {
"_edit_group_": true
}

[node name="CollisionShape2D" type="CollisionShape2D" parent="Equipe/Persos/Perso10"]
shape = SubResource( 14 )

[node name="Sprite" type="Sprite" parent="Equipe/Persos/Perso10"]
scale = Vector2( 0.5, 0.5 )
texture = ExtResource( 5 )

[node name="Perso11" type="Area2D" parent="Equipe/Persos"]
position = Vector2( 277.6, 200 )
rotation = -0.00334394
__meta__ = {
"_edit_group_": true
}

[node name="CollisionShape2D" type="CollisionShape2D" parent="Equipe/Persos/Perso11"]
shape = SubResource( 14 )

[node name="Sprite" type="Sprite" parent="Equipe/Persos/Perso11"]
scale = Vector2( 0.5, 0.5 )
texture = ExtResource( 5 )

[node name="Perso12" type="Area2D" parent="Equipe/Persos"]
position = Vector2( 405.6, 200 )
rotation = -0.00334394
__meta__ = {
"_edit_group_": true
}

[node name="CollisionShape2D" type="CollisionShape2D" parent="Equipe/Persos/Perso12"]
shape = SubResource( 14 )

[node name="Sprite" type="Sprite" parent="Equipe/Persos/Perso12"]
scale = Vector2( 0.5, 0.5 )
texture = ExtResource( 5 )

[node name="Perso13" type="Area2D" parent="Equipe/Persos"]
position = Vector2( 21.6, 328.602 )
__meta__ = {
"_edit_group_": true
}

[node name="CollisionShape2D" type="CollisionShape2D" parent="Equipe/Persos/Perso13"]
shape = SubResource( 14 )

[node name="Sprite" type="Sprite" parent="Equipe/Persos/Perso13"]
scale = Vector2( 0.5, 0.5 )
texture = ExtResource( 5 )

[node name="Perso14" type="Area2D" parent="Equipe/Persos"]
position = Vector2( 149.6, 328.602 )
rotation = -0.00334394
__meta__ = {
"_edit_group_": true
}

[node name="CollisionShape2D" type="CollisionShape2D" parent="Equipe/Persos/Perso14"]
shape = SubResource( 14 )

[node name="Sprite" type="Sprite" parent="Equipe/Persos/Perso14"]
scale = Vector2( 0.5, 0.5 )
texture = ExtResource( 5 )

[node name="Perso15" type="Area2D" parent="Equipe/Persos"]
position = Vector2( 277.6, 328.602 )
rotation = -0.00334394
__meta__ = {
"_edit_group_": true
}

[node name="CollisionShape2D" type="CollisionShape2D" parent="Equipe/Persos/Perso15"]
shape = SubResource( 14 )

[node name="Sprite" type="Sprite" parent="Equipe/Persos/Perso15"]
scale = Vector2( 0.5, 0.5 )
texture = ExtResource( 5 )

[node name="Perso16" type="Area2D" parent="Equipe/Persos"]
position = Vector2( 405.6, 328.602 )
rotation = -0.00334394
__meta__ = {
"_edit_group_": true
}

[node name="CollisionShape2D" type="CollisionShape2D" parent="Equipe/Persos/Perso16"]
shape = SubResource( 14 )

[node name="Sprite" type="Sprite" parent="Equipe/Persos/Perso16"]
scale = Vector2( 0.5, 0.5 )
texture = ExtResource( 3 )

[node name="Perso17" type="Area2D" parent="Equipe/Persos"]
position = Vector2( 21.6, 456.467 )
__meta__ = {
"_edit_group_": true
}

[node name="CollisionShape2D" type="CollisionShape2D" parent="Equipe/Persos/Perso17"]
shape = SubResource( 14 )

[node name="Sprite" type="Sprite" parent="Equipe/Persos/Perso17"]
scale = Vector2( 0.5, 0.5 )
texture = ExtResource( 3 )

[node name="Perso18" type="Area2D" parent="Equipe/Persos"]
position = Vector2( 150.6, 456.467 )
rotation = -0.00334394
__meta__ = {
"_edit_group_": true
}

[node name="CollisionShape2D" type="CollisionShape2D" parent="Equipe/Persos/Perso18"]
shape = SubResource( 14 )

[node name="Sprite" type="Sprite" parent="Equipe/Persos/Perso18"]
scale = Vector2( 0.5, 0.5 )
texture = ExtResource( 3 )

[node name="Perso19" type="Area2D" parent="Equipe/Persos"]
position = Vector2( 277.6, 456.467 )
rotation = -0.00334394
__meta__ = {
"_edit_group_": true
}

[node name="CollisionShape2D" type="CollisionShape2D" parent="Equipe/Persos/Perso19"]
shape = SubResource( 14 )

[node name="Sprite" type="Sprite" parent="Equipe/Persos/Perso19"]
scale = Vector2( 0.5, 0.5 )
texture = ExtResource( 3 )

[node name="Perso20" type="Area2D" parent="Equipe/Persos"]
position = Vector2( 405.6, 456.467 )
rotation = -0.00334394
__meta__ = {
"_edit_group_": true
}

[node name="CollisionShape2D" type="CollisionShape2D" parent="Equipe/Persos/Perso20"]
shape = SubResource( 14 )

[node name="Sprite" type="Sprite" parent="Equipe/Persos/Perso20"]
scale = Vector2( 0.5, 0.5 )
texture = ExtResource( 4 )

[node name="Stats" type="Node2D" parent="Equipe"]
position = Vector2( -512.265, 144 )

[node name="Nom" type="Label" parent="Equipe/Stats"]
margin_left = 0.265015
margin_top = 48.0
margin_right = 510.265
margin_bottom = 112.0
custom_fonts/font = ExtResource( 10 )
custom_colors/font_color = Color( 0, 0, 0, 1 )
text = "NOM"
align = 1
valign = 1
__meta__ = {
"_edit_use_anchors_": false
}

[node name="Stat1" type="ColorRect" parent="Equipe/Stats"]
margin_left = 152.265
margin_top = 203.0
margin_right = 448.265
margin_bottom = 251.0
color = Color( 0, 0, 0, 1 )
__meta__ = {
"_edit_group_": true
}

[node name="ColorRect" type="ColorRect" parent="Equipe/Stats/Stat1"]
margin_left = 8.0
margin_top = 8.0
margin_right = 288.0
margin_bottom = 40.0
color = Color( 0.85098, 0.176471, 0, 1 )
__meta__ = {
"_edit_use_anchors_": false
}

[node name="Label" type="Label" parent="Equipe/Stats/Stat1/ColorRect"]
margin_right = 280.0
margin_bottom = 32.0
custom_fonts/font = ExtResource( 2 )
text = "00"
align = 1
valign = 1
__meta__ = {
"_edit_use_anchors_": false
}

[node name="Label" type="Label" parent="Equipe/Stats/Stat1"]
margin_left = -118.0
margin_right = 10.0
margin_bottom = 48.0
custom_fonts/font = ExtResource( 2 )
custom_colors/font_color = Color( 0, 0, 0, 1 )
text = "Force :"
align = 1
valign = 1
__meta__ = {
"_edit_use_anchors_": false
}

[node name="Stat2" type="ColorRect" parent="Equipe/Stats"]
margin_left = 152.265
margin_top = 267.0
margin_right = 448.265
margin_bottom = 315.0
color = Color( 0, 0, 0, 1 )
__meta__ = {
"_edit_group_": true
}

[node name="ColorRect" type="ColorRect" parent="Equipe/Stats/Stat2"]
margin_left = 8.0
margin_top = 8.0
margin_right = 288.0
margin_bottom = 40.0
color = Color( 0.85098, 0.176471, 0, 1 )
__meta__ = {
"_edit_use_anchors_": false
}

[node name="Label" type="Label" parent="Equipe/Stats/Stat2/ColorRect"]
margin_right = 280.0
margin_bottom = 32.0
custom_fonts/font = ExtResource( 2 )
text = "00"
align = 1
valign = 1
__meta__ = {
"_edit_use_anchors_": false
}

[node name="Label" type="Label" parent="Equipe/Stats/Stat2"]
margin_left = -118.0
margin_right = 10.0
margin_bottom = 48.0
custom_fonts/font = ExtResource( 2 )
custom_colors/font_color = Color( 0, 0, 0, 1 )
text = "Dextérité :"
align = 1
valign = 1
__meta__ = {
"_edit_use_anchors_": false
}

[node name="Stat3" type="ColorRect" parent="Equipe/Stats"]
margin_left = 152.265
margin_top = 331.0
margin_right = 448.265
margin_bottom = 379.0
color = Color( 0, 0, 0, 1 )
__meta__ = {
"_edit_group_": true
}

[node name="ColorRect" type="ColorRect" parent="Equipe/Stats/Stat3"]
margin_left = 8.0
margin_top = 8.0
margin_right = 288.0
margin_bottom = 40.0
color = Color( 0.85098, 0.176471, 0, 1 )
__meta__ = {
"_edit_use_anchors_": false
}

[node name="Label" type="Label" parent="Equipe/Stats/Stat3/ColorRect"]
margin_right = 280.0
margin_bottom = 32.0
custom_fonts/font = ExtResource( 2 )
text = "00"
align = 1
valign = 1
__meta__ = {
"_edit_use_anchors_": false
}

[node name="Label" type="Label" parent="Equipe/Stats/Stat3"]
margin_left = -118.0
margin_right = 10.0
margin_bottom = 48.0
custom_fonts/font = ExtResource( 2 )
custom_colors/font_color = Color( 0, 0, 0, 1 )
text = "Résistance :"
align = 1
valign = 1
__meta__ = {
"_edit_use_anchors_": false
}

[node name="Stat4" type="ColorRect" parent="Equipe/Stats"]
margin_left = 152.265
margin_top = 395.0
margin_right = 448.265
margin_bottom = 443.0
color = Color( 0, 0, 0, 1 )
__meta__ = {
"_edit_group_": true
}

[node name="ColorRect" type="ColorRect" parent="Equipe/Stats/Stat4"]
margin_left = 8.0
margin_top = 8.0
margin_right = 288.0
margin_bottom = 40.0
color = Color( 0.85098, 0.176471, 0, 1 )

[node name="Label" type="Label" parent="Equipe/Stats/Stat4/ColorRect"]
margin_right = 280.0
margin_bottom = 32.0
custom_fonts/font = ExtResource( 2 )
text = "00"
align = 1
valign = 1
__meta__ = {
"_edit_use_anchors_": false
}

[node name="Label" type="Label" parent="Equipe/Stats/Stat4"]
margin_left = -118.0
margin_right = 10.0
margin_bottom = 48.0
custom_fonts/font = ExtResource( 2 )
custom_colors/font_color = Color( 0, 0, 0, 1 )
text = "Constitution :"
align = 1
valign = 1
__meta__ = {
"_edit_use_anchors_": false
}

[node name="Stat5" type="ColorRect" parent="Equipe/Stats"]
margin_left = 152.265
margin_top = 459.0
margin_right = 448.265
margin_bottom = 507.0
color = Color( 0, 0, 0, 1 )
__meta__ = {
"_edit_group_": true
}

[node name="ColorRect" type="ColorRect" parent="Equipe/Stats/Stat5"]
margin_left = 8.0
margin_top = 8.0
margin_right = 288.0
margin_bottom = 40.0
color = Color( 0.85098, 0.176471, 0, 1 )
__meta__ = {
"_edit_use_anchors_": false
}

[node name="Label" type="Label" parent="Equipe/Stats/Stat5/ColorRect"]
margin_right = 280.0
margin_bottom = 32.0
custom_fonts/font = ExtResource( 2 )
text = "00"
align = 1
valign = 1
__meta__ = {
"_edit_use_anchors_": false
}

[node name="Label" type="Label" parent="Equipe/Stats/Stat5"]
margin_left = -118.0
margin_right = 10.0
margin_bottom = 48.0
custom_fonts/font = ExtResource( 2 )
custom_colors/font_color = Color( 0, 0, 0, 1 )
text = "Initiative :"
align = 1
valign = 1
__meta__ = {
"_edit_use_anchors_": false
}

[node name="Camera2D" type="Camera2D" parent="Equipe"]
position = Vector2( 0, 448 )
__meta__ = {
"_editor_description_": ""
}

[node name="Separator" type="ColorRect" parent="Equipe"]
margin_left = -32.0
margin_top = 144.0
margin_right = 32.0
margin_bottom = 780.0
mouse_filter = 2
color = Color( 0.901961, 0.854902, 0.729412, 0.635294 )

[node name="Return" type="Area2D" parent="Equipe"]
position = Vector2( -487, 178 )
__meta__ = {
"_edit_group_": true
}

[node name="Sprite" type="Sprite" parent="Equipe/Return"]
rotation = 3.14159
scale = Vector2( 0.4, 0.4 )
texture = ExtResource( 11 )

[node name="CollisionShape2D" type="CollisionShape2D" parent="Equipe/Return"]
position = Vector2( -0.750025, 5.74994 )
rotation = 0.785398
shape = SubResource( 15 )

[node name="CollisionShape2D2" type="CollisionShape2D" parent="Equipe/Return"]
position = Vector2( 6.75232, -13.2523 )
rotation = -0.785398
shape = SubResource( 16 )

[connection signal="pressed" from="BtnEquipe" to="." method="_on_BtnEquipe_pressed"]
[connection signal="pressed" from="BtnQuestion" to="." method="_on_BtnQuestion_pressed"]
[connection signal="pressed" from="BtnOptions" to="." method="_on_BtnOptions_pressed"]
[connection signal="input_event" from="Persos/Soldat" to="." method="_on_Soldat_input_event" binds= [ 0 ]]
[connection signal="mouse_entered" from="Persos/Soldat" to="." method="_on_Soldat_mouse_entered" binds= [ 0 ]]
[connection signal="mouse_exited" from="Persos/Soldat" to="." method="_on_Soldat_mouse_exited" binds= [ 0 ]]
[connection signal="input_event" from="Persos/Soldat2" to="." method="_on_Soldat_input_event" binds= [ 1 ]]
[connection signal="mouse_entered" from="Persos/Soldat2" to="." method="_on_Soldat_mouse_entered" binds= [ 1 ]]
[connection signal="mouse_exited" from="Persos/Soldat2" to="." method="_on_Soldat_mouse_exited" binds= [ 1 ]]
[connection signal="input_event" from="Persos/Soldat3" to="." method="_on_Soldat_input_event" binds= [ 2 ]]
[connection signal="mouse_entered" from="Persos/Soldat3" to="." method="_on_Soldat_mouse_entered" binds= [ 2 ]]
[connection signal="mouse_exited" from="Persos/Soldat3" to="." method="_on_Soldat_mouse_exited" binds= [ 2 ]]
[connection signal="input_event" from="Persos/Soldat4" to="." method="_on_Soldat_input_event" binds= [ 3 ]]
[connection signal="mouse_entered" from="Persos/Soldat4" to="." method="_on_Soldat_mouse_entered" binds= [ 3 ]]
[connection signal="mouse_exited" from="Persos/Soldat4" to="." method="_on_Soldat_mouse_exited" binds= [ 3 ]]
[connection signal="input_event" from="Persos/Soldat5" to="." method="_on_Soldat_input_event" binds= [ 4 ]]
[connection signal="mouse_entered" from="Persos/Soldat5" to="." method="_on_Soldat_mouse_entered" binds= [ 4 ]]
[connection signal="mouse_exited" from="Persos/Soldat5" to="." method="_on_Soldat_mouse_exited" binds= [ 4 ]]
[connection signal="input_event" from="Persos/Soldat6" to="." method="_on_Soldat_input_event" binds= [ 5 ]]
[connection signal="mouse_entered" from="Persos/Soldat6" to="." method="_on_Soldat_mouse_entered" binds= [ 5 ]]
[connection signal="mouse_exited" from="Persos/Soldat6" to="." method="_on_Soldat_mouse_exited" binds= [ 5 ]]
[connection signal="input_event" from="Persos/Soldat7" to="." method="_on_Soldat_input_event" binds= [ 6 ]]
[connection signal="mouse_entered" from="Persos/Soldat7" to="." method="_on_Soldat_mouse_entered" binds= [ 6 ]]
[connection signal="mouse_exited" from="Persos/Soldat7" to="." method="_on_Soldat_mouse_exited" binds= [ 6 ]]
[connection signal="input_event" from="Persos/Soldat8" to="." method="_on_Soldat_input_event" binds= [ 7 ]]
[connection signal="mouse_entered" from="Persos/Soldat8" to="." method="_on_Soldat_mouse_entered" binds= [ 7 ]]
[connection signal="mouse_exited" from="Persos/Soldat8" to="." method="_on_Soldat_mouse_exited" binds= [ 7 ]]
[connection signal="input_event" from="Persos/Soldat9" to="." method="_on_Soldat_input_event" binds= [ 8 ]]
[connection signal="mouse_entered" from="Persos/Soldat9" to="." method="_on_Soldat_mouse_entered" binds= [ 8 ]]
[connection signal="mouse_exited" from="Persos/Soldat9" to="." method="_on_Soldat_mouse_exited" binds= [ 8 ]]
[connection signal="input_event" from="Persos/Soldat10" to="." method="_on_Soldat_input_event" binds= [ 9 ]]
[connection signal="mouse_entered" from="Persos/Soldat10" to="." method="_on_Soldat_mouse_entered" binds= [ 9 ]]
[connection signal="mouse_exited" from="Persos/Soldat10" to="." method="_on_Soldat_mouse_exited" binds= [ 9 ]]
[connection signal="input_event" from="Persos/Soldat11" to="." method="_on_Soldat_input_event" binds= [ 10 ]]
[connection signal="mouse_entered" from="Persos/Soldat11" to="." method="_on_Soldat_mouse_entered" binds= [ 10 ]]
[connection signal="mouse_exited" from="Persos/Soldat11" to="." method="_on_Soldat_mouse_exited" binds= [ 10 ]]
[connection signal="input_event" from="Persos/Soldat12" to="." method="_on_Soldat_input_event" binds= [ 11 ]]
[connection signal="mouse_entered" from="Persos/Soldat12" to="." method="_on_Soldat_mouse_entered" binds= [ 11 ]]
[connection signal="mouse_exited" from="Persos/Soldat12" to="." method="_on_Soldat_mouse_exited" binds= [ 11 ]]
[connection signal="input_event" from="Persos/Soldat13" to="." method="_on_Soldat_input_event" binds= [ 12 ]]
[connection signal="mouse_entered" from="Persos/Soldat13" to="." method="_on_Soldat_mouse_entered" binds= [ 12 ]]
[connection signal="mouse_exited" from="Persos/Soldat13" to="." method="_on_Soldat_mouse_exited" binds= [ 12 ]]
[connection signal="input_event" from="Persos/Soldat14" to="." method="_on_Soldat_input_event" binds= [ 13 ]]
[connection signal="mouse_entered" from="Persos/Soldat14" to="." method="_on_Soldat_mouse_entered" binds= [ 13 ]]
[connection signal="mouse_exited" from="Persos/Soldat14" to="." method="_on_Soldat_mouse_exited" binds= [ 13 ]]
[connection signal="input_event" from="Persos/Soldat15" to="." method="_on_Soldat_input_event" binds= [ 14 ]]
[connection signal="mouse_entered" from="Persos/Soldat15" to="." method="_on_Soldat_mouse_entered" binds= [ 14 ]]
[connection signal="mouse_exited" from="Persos/Soldat15" to="." method="_on_Soldat_mouse_exited" binds= [ 14 ]]
[connection signal="input_event" from="Persos/Soldat16" to="." method="_on_Soldat_input_event" binds= [ 15 ]]
[connection signal="mouse_entered" from="Persos/Soldat16" to="." method="_on_Soldat_mouse_entered" binds= [ 15 ]]
[connection signal="mouse_exited" from="Persos/Soldat16" to="." method="_on_Soldat_mouse_exited" binds= [ 15 ]]
[connection signal="input_event" from="Persos/Soldat17" to="." method="_on_Soldat_input_event" binds= [ 16 ]]
[connection signal="mouse_entered" from="Persos/Soldat17" to="." method="_on_Soldat_mouse_entered" binds= [ 16 ]]
[connection signal="mouse_exited" from="Persos/Soldat17" to="." method="_on_Soldat_mouse_exited" binds= [ 16 ]]
[connection signal="input_event" from="Persos/Soldat18" to="." method="_on_Soldat_input_event" binds= [ 17 ]]
[connection signal="mouse_entered" from="Persos/Soldat18" to="." method="_on_Soldat_mouse_entered" binds= [ 17 ]]
[connection signal="mouse_exited" from="Persos/Soldat18" to="." method="_on_Soldat_mouse_exited" binds= [ 17 ]]
[connection signal="input_event" from="Persos/Soldat19" to="." method="_on_Soldat_input_event" binds= [ 18 ]]
[connection signal="mouse_entered" from="Persos/Soldat19" to="." method="_on_Soldat_mouse_entered" binds= [ 18 ]]
[connection signal="mouse_exited" from="Persos/Soldat19" to="." method="_on_Soldat_mouse_exited" binds= [ 18 ]]
[connection signal="input_event" from="Persos/Soldat20" to="." method="_on_Soldat_input_event" binds= [ 19 ]]
[connection signal="mouse_entered" from="Persos/Soldat20" to="." method="_on_Soldat_mouse_entered" binds= [ 19 ]]
[connection signal="mouse_exited" from="Persos/Soldat20" to="." method="_on_Soldat_mouse_exited" binds= [ 19 ]]
[connection signal="input_event" from="UTT_battlefieds/UTT_battlefield" to="." method="_on_UTT_battlefield_input_event" binds= [ 0 ]]
[connection signal="mouse_entered" from="UTT_battlefieds/UTT_battlefield" to="." method="_on_UTT_battlefield_mouse_entered" binds= [ 0 ]]
[connection signal="mouse_exited" from="UTT_battlefieds/UTT_battlefield" to="." method="_on_UTT_battlefield_mouse_exited" binds= [ 0 ]]
[connection signal="input_event" from="UTT_battlefieds/UTT_battlefield1" to="." method="_on_UTT_battlefield_input_event" binds= [ 1 ]]
[connection signal="mouse_entered" from="UTT_battlefieds/UTT_battlefield1" to="." method="_on_UTT_battlefield_mouse_entered" binds= [ 1 ]]
[connection signal="mouse_exited" from="UTT_battlefieds/UTT_battlefield1" to="." method="_on_UTT_battlefield_mouse_exited" binds= [ 0 ]]
[connection signal="input_event" from="UTT_battlefieds/UTT_battlefield2" to="." method="_on_UTT_battlefield_input_event" binds= [ 2 ]]
[connection signal="mouse_entered" from="UTT_battlefieds/UTT_battlefield2" to="." method="_on_UTT_battlefield_mouse_entered" binds= [ 2 ]]
[connection signal="mouse_exited" from="UTT_battlefieds/UTT_battlefield2" to="." method="_on_UTT_battlefield_mouse_exited" binds= [ 2 ]]
[connection signal="input_event" from="UTT_battlefieds/UTT_battlefield3" to="." method="_on_UTT_battlefield_input_event" binds= [ 3 ]]
[connection signal="mouse_entered" from="UTT_battlefieds/UTT_battlefield3" to="." method="_on_UTT_battlefield_mouse_entered" binds= [ 3 ]]
[connection signal="mouse_exited" from="UTT_battlefieds/UTT_battlefield3" to="." method="_on_UTT_battlefield_mouse_exited" binds= [ 3 ]]
[connection signal="input_event" from="UTT_battlefieds/UTT_battlefield4" to="." method="_on_UTT_battlefield_input_event" binds= [ 4 ]]
[connection signal="mouse_entered" from="UTT_battlefieds/UTT_battlefield4" to="." method="_on_UTT_battlefield_mouse_entered" binds= [ 4 ]]
[connection signal="mouse_exited" from="UTT_battlefieds/UTT_battlefield4" to="." method="_on_UTT_battlefield_mouse_exited" binds= [ 4 ]]
[connection signal="pressed" from="PannelAide/BtnQuestionFermer" to="." method="_on_BtnQuestionFermer_pressed"]
[connection signal="mouse_entered" from="Equipe/Persos/Perso" to="." method="_on_Perso_mouse_entered" binds= [ 0 ]]
[connection signal="mouse_entered" from="Equipe/Persos/Perso2" to="." method="_on_Perso_mouse_entered" binds= [ 1 ]]
[connection signal="mouse_entered" from="Equipe/Persos/Perso3" to="." method="_on_Perso_mouse_entered" binds= [ 2 ]]
[connection signal="mouse_entered" from="Equipe/Persos/Perso4" to="." method="_on_Perso_mouse_entered" binds= [ 3 ]]
[connection signal="mouse_entered" from="Equipe/Persos/Perso5" to="." method="_on_Perso_mouse_entered" binds= [ 4 ]]
[connection signal="mouse_entered" from="Equipe/Persos/Perso6" to="." method="_on_Perso_mouse_entered" binds= [ 5 ]]
[connection signal="mouse_entered" from="Equipe/Persos/Perso7" to="." method="_on_Perso_mouse_entered" binds= [ 6 ]]
[connection signal="mouse_entered" from="Equipe/Persos/Perso8" to="." method="_on_Perso_mouse_entered" binds= [ 7 ]]
[connection signal="mouse_entered" from="Equipe/Persos/Perso9" to="." method="_on_Perso_mouse_entered" binds= [ 8 ]]
[connection signal="mouse_entered" from="Equipe/Persos/Perso10" to="." method="_on_Perso_mouse_entered" binds= [ 9 ]]
[connection signal="mouse_entered" from="Equipe/Persos/Perso11" to="." method="_on_Perso_mouse_entered" binds= [ 10 ]]
[connection signal="mouse_entered" from="Equipe/Persos/Perso12" to="." method="_on_Perso_mouse_entered" binds= [ 11 ]]
[connection signal="mouse_entered" from="Equipe/Persos/Perso13" to="." method="_on_Perso_mouse_entered" binds= [ 12 ]]
[connection signal="mouse_entered" from="Equipe/Persos/Perso14" to="." method="_on_Perso_mouse_entered" binds= [ 13 ]]
[connection signal="mouse_entered" from="Equipe/Persos/Perso15" to="." method="_on_Perso_mouse_entered" binds= [ 14 ]]
[connection signal="mouse_entered" from="Equipe/Persos/Perso16" to="." method="_on_Perso_mouse_entered" binds= [ 15 ]]
[connection signal="mouse_entered" from="Equipe/Persos/Perso17" to="." method="_on_Perso_mouse_entered" binds= [ 16 ]]
[connection signal="mouse_entered" from="Equipe/Persos/Perso18" to="." method="_on_Perso_mouse_entered" binds= [ 17 ]]
[connection signal="mouse_entered" from="Equipe/Persos/Perso19" to="." method="_on_Perso_mouse_entered" binds= [ 18 ]]
[connection signal="mouse_entered" from="Equipe/Persos/Perso20" to="." method="_on_Perso_mouse_entered" binds= [ 19 ]]
[connection signal="input_event" from="Equipe/Return" to="." method="_on_Return_input_event"]
