[gd_scene load_steps=30 format=2]

[ext_resource path="res://fonts/Main.tres" type="DynamicFont" id=1]
[ext_resource path="res://styles/BtnNormal.tres" type="StyleBox" id=2]
[ext_resource path="res://imgs/logo_eg23.png" type="Texture" id=3]
[ext_resource path="res://imgs/MainBackground.jpg" type="Texture" id=4]
[ext_resource path="res://scripts/GameCreationMenu.gd" type="Script" id=5]
[ext_resource path="res://fonts/Fredoka/basic.tres" type="DynamicFont" id=6]
[ext_resource path="res://imgs/PP_Joueur0.png" type="Texture" id=7]
[ext_resource path="res://styles/invisible_styleboxflat.tres" type="StyleBox" id=8]
[ext_resource path="res://fonts/Fredoka/petit.tres" type="DynamicFont" id=9]
[ext_resource path="res://imgs/fleche.png" type="Texture" id=10]

[sub_resource type="StyleBoxFlat" id=1]
bg_color = Color( 0.654902, 0.137255, 0, 1 )
border_width_left = 2
border_width_top = 2
border_width_right = 2
border_width_bottom = 2
border_color = Color( 0.654902, 0.45098, 0, 1 )
corner_radius_top_left = 10
corner_radius_top_right = 10
corner_radius_bottom_right = 10
corner_radius_bottom_left = 10

[sub_resource type="StyleBoxFlat" id=2]
bg_color = Color( 0.654902, 0.137255, 0, 1 )
border_width_left = 2
border_width_top = 2
border_width_right = 2
border_width_bottom = 2
border_color = Color( 1, 1, 1, 1 )
corner_radius_top_left = 10
corner_radius_top_right = 10
corner_radius_bottom_right = 10
corner_radius_bottom_left = 10

[sub_resource type="RectangleShape2D" id=3]
extents = Vector2( 14.8492, 5.65685 )

[sub_resource type="RectangleShape2D" id=4]
extents = Vector2( 10.6, 5.657 )

[sub_resource type="RectangleShape2D" id=5]
extents = Vector2( 16.2635, 4.94975 )

[sub_resource type="RectangleShape2D" id=6]
extents = Vector2( 11.3137, 5.65685 )

[sub_resource type="StyleBoxFlat" id=7]
bg_color = Color( 1, 0, 0, 1 )
border_width_left = 1
border_width_top = 1
border_width_right = 1
border_width_bottom = 1
border_color = Color( 1, 0.996078, 0.643137, 1 )

[sub_resource type="StyleBoxFlat" id=8]
bg_color = Color( 1, 0, 0, 1 )

[sub_resource type="StyleBoxFlat" id=9]
bg_color = Color( 0, 0, 1, 1 )
border_width_left = 1
border_width_top = 1
border_width_right = 1
border_width_bottom = 1
border_color = Color( 1, 0.996078, 0.643137, 1 )

[sub_resource type="StyleBoxFlat" id=10]
bg_color = Color( 0, 0, 1, 1 )

[sub_resource type="StyleBoxFlat" id=11]
bg_color = Color( 0.494118, 0, 0.494118, 1 )
border_width_left = 1
border_width_top = 1
border_width_right = 1
border_width_bottom = 1
border_color = Color( 1, 0.996078, 0.643137, 1 )

[sub_resource type="StyleBoxFlat" id=12]
bg_color = Color( 0.494118, 0, 0.494118, 1 )

[sub_resource type="StyleBoxFlat" id=13]
bg_color = Color( 1, 0.494118, 0, 1 )
border_width_left = 1
border_width_top = 1
border_width_right = 1
border_width_bottom = 1
border_color = Color( 1, 0.996078, 0.643137, 1 )

[sub_resource type="StyleBoxFlat" id=14]
bg_color = Color( 1, 0.494118, 0, 1 )

[sub_resource type="StyleBoxFlat" id=15]
bg_color = Color( 0, 0.494118, 0, 1 )
border_width_left = 1
border_width_top = 1
border_width_right = 1
border_width_bottom = 1
border_color = Color( 1, 0.996078, 0.643137, 1 )

[sub_resource type="StyleBoxFlat" id=16]
bg_color = Color( 0, 0.494118, 0, 1 )

[sub_resource type="StyleBoxFlat" id=17]
bg_color = Color( 0, 1, 0.976471, 1 )
border_width_left = 1
border_width_top = 1
border_width_right = 1
border_width_bottom = 1
border_color = Color( 1, 0.996078, 0.643137, 1 )

[sub_resource type="StyleBoxFlat" id=18]
bg_color = Color( 0, 1, 0.976471, 1 )

[sub_resource type="ButtonGroup" id=19]

[node name="GameCreation" type="Node2D"]
script = ExtResource( 5 )

[node name="Camera2D" type="Camera2D" parent="."]
current = true

[node name="Backgound" type="Sprite" parent="."]
scale = Vector2( 0.800045, 0.800045 )
texture = ExtResource( 4 )

[node name="Separator" type="ColorRect" parent="."]
margin_left = -512.0
margin_top = -316.418
margin_right = -192.0
margin_bottom = 319.582
mouse_filter = 2
color = Color( 1, 0.94902, 0.8, 0.4 )
__meta__ = {
"_edit_use_anchors_": false
}

[node name="Logo" type="Sprite" parent="."]
position = Vector2( -344, -205 )
texture = ExtResource( 3 )

[node name="BtnJouer" type="Button" parent="."]
margin_left = -448.0
margin_top = -128.0
margin_right = -252.0
margin_bottom = -64.0
mouse_default_cursor_shape = 2
custom_styles/hover = SubResource( 1 )
custom_styles/pressed = SubResource( 2 )
custom_styles/focus = ExtResource( 2 )
custom_styles/normal = ExtResource( 2 )
custom_fonts/font = ExtResource( 1 )
custom_colors/font_color_disabled = Color( 0, 0, 0, 1 )
custom_colors/font_color = Color( 0, 0, 0, 1 )
custom_colors/font_color_hover = Color( 0, 0, 0, 1 )
text = "Au combat !"

[node name="BtnOptions" type="Button" parent="."]
margin_left = -448.0
margin_top = -24.0
margin_right = -252.0
margin_bottom = 40.0
mouse_default_cursor_shape = 2
custom_styles/hover = SubResource( 1 )
custom_styles/pressed = SubResource( 2 )
custom_styles/focus = ExtResource( 2 )
custom_styles/normal = ExtResource( 2 )
custom_fonts/font = ExtResource( 1 )
custom_colors/font_color_disabled = Color( 0, 0, 0, 1 )
custom_colors/font_color = Color( 0, 0, 0, 1 )
custom_colors/font_color_hover = Color( 0, 0, 0, 1 )
text = "Options"
__meta__ = {
"_edit_use_anchors_": false
}

[node name="BtnCredits" type="Button" parent="."]
margin_left = -448.0
margin_top = 80.0
margin_right = -252.0
margin_bottom = 144.0
mouse_default_cursor_shape = 2
custom_styles/hover = SubResource( 1 )
custom_styles/pressed = SubResource( 2 )
custom_styles/focus = ExtResource( 2 )
custom_styles/normal = ExtResource( 2 )
custom_fonts/font = ExtResource( 1 )
custom_colors/font_color_disabled = Color( 0, 0, 0, 1 )
custom_colors/font_color = Color( 0, 0, 0, 1 )
custom_colors/font_color_hover = Color( 0, 0, 0, 1 )
text = "Crédits"
__meta__ = {
"_edit_use_anchors_": false
}

[node name="BtnQuitter" type="Button" parent="."]
margin_left = -448.0
margin_top = 176.0
margin_right = -252.0
margin_bottom = 240.0
mouse_default_cursor_shape = 2
custom_styles/hover = SubResource( 1 )
custom_styles/pressed = SubResource( 2 )
custom_styles/focus = ExtResource( 2 )
custom_styles/normal = ExtResource( 2 )
custom_fonts/font = ExtResource( 1 )
custom_colors/font_color_disabled = Color( 0, 0, 0, 1 )
custom_colors/font_color = Color( 0, 0, 0, 1 )
custom_colors/font_color_hover = Color( 0, 0, 0, 1 )
text = "Quitter"
__meta__ = {
"_edit_use_anchors_": false
}

[node name="Player1" type="Node2D" parent="."]
position = Vector2( 0, -280 )

[node name="Background" type="ColorRect" parent="Player1"]
margin_left = -64.0
margin_right = 448.0
margin_bottom = 256.0
mouse_filter = 2
color = Color( 1, 0.94902, 0.8, 0.831373 )

[node name="Sprite" type="Sprite" parent="Player1"]
position = Vector2( 32, 128 )
texture = ExtResource( 7 )

[node name="SelectPrevious" type="Area2D" parent="Player1"]
position = Vector2( -45, 130 )
__meta__ = {
"_edit_group_": true
}

[node name="Sprite" type="Sprite" parent="Player1/SelectPrevious"]
rotation = 3.14159
scale = Vector2( 0.4, 0.4 )
texture = ExtResource( 10 )

[node name="CollisionShape2D" type="CollisionShape2D" parent="Player1/SelectPrevious"]
position = Vector2( -1, 7 )
rotation = 0.785398
shape = SubResource( 3 )

[node name="CollisionShape2D2" type="CollisionShape2D" parent="Player1/SelectPrevious"]
position = Vector2( 4, -11 )
rotation = -0.785398
shape = SubResource( 4 )

[node name="SelectNext" type="Area2D" parent="Player1"]
position = Vector2( 108, 130 )
rotation = -3.14159
__meta__ = {
"_edit_group_": true
}

[node name="Sprite" type="Sprite" parent="Player1/SelectNext"]
rotation = 3.14159
scale = Vector2( 0.4, 0.4 )
texture = ExtResource( 10 )

[node name="CollisionShape2D" type="CollisionShape2D" parent="Player1/SelectNext"]
position = Vector2( 0, 8.00001 )
rotation = 0.785398
shape = SubResource( 5 )

[node name="CollisionShape2D2" type="CollisionShape2D" parent="Player1/SelectNext"]
position = Vector2( 4, -11 )
rotation = -0.785398
shape = SubResource( 6 )

[node name="TxtEditName" type="TextEdit" parent="Player1"]
margin_left = 96.0
margin_top = 24.0
margin_right = 440.0
margin_bottom = 88.0
custom_styles/focus = ExtResource( 8 )
custom_styles/normal = ExtResource( 8 )
custom_fonts/font = ExtResource( 6 )
custom_colors/caret_color = Color( 0, 0, 0, 1 )
custom_colors/font_color = Color( 0, 0, 0, 1 )
text = "entrez le nom"
__meta__ = {
"_edit_use_anchors_": false
}

[node name="ColorBtn" type="ColorRect" parent="Player1"]
margin_left = 208.0
margin_top = 134.0
margin_right = 224.0
margin_bottom = 150.0
mouse_filter = 1
mouse_default_cursor_shape = 2
color = Color( 1, 0, 0, 1 )
__meta__ = {
"_edit_use_anchors_": false
}

[node name="LblColor" type="Label" parent="Player1"]
margin_left = 136.0
margin_top = 130.0
margin_right = 201.0
margin_bottom = 150.0
custom_fonts/font = ExtResource( 9 )
custom_colors/font_color = Color( 0, 0, 0, 1 )
text = "Couleur :"
__meta__ = {
"_edit_use_anchors_": false
}

[node name="MyColorPicker" type="Node2D" parent="Player1"]
visible = false
position = Vector2( 240, 111 )

[node name="Background" type="ColorRect" parent="Player1/MyColorPicker"]
margin_left = -8.0
margin_top = -7.0
margin_right = 192.0
margin_bottom = 33.0
mouse_filter = 1
mouse_default_cursor_shape = 2
color = Color( 0, 0, 0, 0.690196 )
__meta__ = {
"_edit_use_anchors_": false
}

[node name="Color1" type="Button" parent="Player1/MyColorPicker"]
margin_top = 1.0
margin_right = 24.0
margin_bottom = 25.0
mouse_filter = 1
mouse_default_cursor_shape = 2
custom_styles/hover = SubResource( 7 )
custom_styles/normal = SubResource( 8 )
__meta__ = {
"_edit_use_anchors_": false
}

[node name="Color2" type="Button" parent="Player1/MyColorPicker"]
margin_left = 32.0
margin_top = 1.0
margin_right = 56.0
margin_bottom = 25.0
mouse_filter = 1
mouse_default_cursor_shape = 2
custom_styles/hover = SubResource( 9 )
custom_styles/normal = SubResource( 10 )
__meta__ = {
"_edit_use_anchors_": false
}

[node name="Color3" type="Button" parent="Player1/MyColorPicker"]
margin_left = 64.0
margin_right = 88.0
margin_bottom = 24.0
mouse_filter = 1
mouse_default_cursor_shape = 2
custom_styles/hover = SubResource( 11 )
custom_styles/normal = SubResource( 12 )
__meta__ = {
"_edit_use_anchors_": false
}

[node name="Color4" type="Button" parent="Player1/MyColorPicker"]
margin_left = 96.0
margin_top = 1.0
margin_right = 120.0
margin_bottom = 25.0
mouse_filter = 1
mouse_default_cursor_shape = 2
custom_styles/hover = SubResource( 13 )
custom_styles/normal = SubResource( 14 )
__meta__ = {
"_edit_use_anchors_": false
}

[node name="Color5" type="Button" parent="Player1/MyColorPicker"]
margin_left = 128.0
margin_top = 1.0
margin_right = 152.0
margin_bottom = 25.0
mouse_filter = 1
mouse_default_cursor_shape = 2
custom_styles/hover = SubResource( 15 )
custom_styles/normal = SubResource( 16 )
__meta__ = {
"_edit_use_anchors_": false
}

[node name="Color6" type="Button" parent="Player1/MyColorPicker"]
margin_left = 160.0
margin_top = 1.0
margin_right = 184.0
margin_bottom = 25.0
mouse_filter = 1
mouse_default_cursor_shape = 2
custom_styles/hover = SubResource( 17 )
custom_styles/normal = SubResource( 18 )
__meta__ = {
"_edit_use_anchors_": false
}

[node name="Player2" type="Node2D" parent="."]
position = Vector2( 0, 40 )

[node name="Background" type="ColorRect" parent="Player2"]
margin_left = -64.0
margin_right = 448.0
margin_bottom = 256.0
mouse_filter = 2
color = Color( 1, 0.94902, 0.8, 0.870588 )
__meta__ = {
"_edit_use_anchors_": false
}

[node name="Sprite" type="Sprite" parent="Player2"]
position = Vector2( 29, 128 )
texture = ExtResource( 7 )

[node name="SelectPrevious2" type="Area2D" parent="Player2"]
position = Vector2( -45, 130 )

[node name="Sprite" type="Sprite" parent="Player2/SelectPrevious2"]
rotation = 3.14159
scale = Vector2( 0.4, 0.4 )
texture = ExtResource( 10 )

[node name="CollisionShape2D" type="CollisionShape2D" parent="Player2/SelectPrevious2"]
position = Vector2( -1, 7 )
rotation = 0.785398
shape = SubResource( 3 )

[node name="CollisionShape2D2" type="CollisionShape2D" parent="Player2/SelectPrevious2"]
position = Vector2( 4, -11 )
rotation = -0.785398
shape = SubResource( 4 )

[node name="SelectNext2" type="Area2D" parent="Player2"]
position = Vector2( 104, 130 )
rotation = 3.14159

[node name="Sprite" type="Sprite" parent="Player2/SelectNext2"]
rotation = 3.14159
scale = Vector2( 0.4, 0.4 )
texture = ExtResource( 10 )

[node name="CollisionShape2D" type="CollisionShape2D" parent="Player2/SelectNext2"]
position = Vector2( 0, 8.00001 )
rotation = 0.785398
shape = SubResource( 5 )

[node name="CollisionShape2D2" type="CollisionShape2D" parent="Player2/SelectNext2"]
position = Vector2( 4, -11 )
rotation = -0.785398
shape = SubResource( 6 )

[node name="TxtEditName" type="TextEdit" parent="Player2"]
margin_left = 96.0
margin_top = 24.0
margin_right = 440.0
margin_bottom = 88.0
custom_styles/focus = ExtResource( 8 )
custom_styles/normal = ExtResource( 8 )
custom_fonts/font = ExtResource( 6 )
custom_colors/caret_color = Color( 0, 0, 0, 1 )
custom_colors/font_color = Color( 0, 0, 0, 1 )
text = "entrez le nom"
__meta__ = {
"_edit_use_anchors_": false
}

[node name="ColorBtn" type="ColorRect" parent="Player2"]
margin_left = 208.0
margin_top = 134.0
margin_right = 224.0
margin_bottom = 150.0
mouse_filter = 1
mouse_default_cursor_shape = 2
color = Color( 0, 0, 1, 1 )
__meta__ = {
"_edit_use_anchors_": false
}

[node name="LblColor" type="Label" parent="Player2"]
margin_left = 136.0
margin_top = 130.0
margin_right = 201.0
margin_bottom = 150.0
custom_fonts/font = ExtResource( 9 )
custom_colors/font_color = Color( 0, 0, 0, 1 )
text = "Couleur :"
__meta__ = {
"_edit_use_anchors_": false
}

[node name="MyColorPicker" type="Node2D" parent="Player2"]
visible = false
position = Vector2( 240, 111 )

[node name="Background" type="ColorRect" parent="Player2/MyColorPicker"]
margin_left = -8.0
margin_top = -7.0
margin_right = 192.0
margin_bottom = 33.0
mouse_filter = 1
mouse_default_cursor_shape = 2
color = Color( 0, 0, 0, 0.690196 )
__meta__ = {
"_edit_use_anchors_": false
}

[node name="Color1" type="Button" parent="Player2/MyColorPicker"]
margin_top = 1.0
margin_right = 24.0
margin_bottom = 25.0
mouse_filter = 1
mouse_default_cursor_shape = 2
custom_styles/hover = SubResource( 7 )
custom_styles/normal = SubResource( 8 )
__meta__ = {
"_edit_use_anchors_": false
}

[node name="Color2" type="Button" parent="Player2/MyColorPicker"]
margin_left = 32.0
margin_top = 1.0
margin_right = 56.0
margin_bottom = 25.0
mouse_filter = 1
mouse_default_cursor_shape = 2
custom_styles/hover = SubResource( 9 )
custom_styles/normal = SubResource( 10 )
__meta__ = {
"_edit_use_anchors_": false
}

[node name="Color3" type="Button" parent="Player2/MyColorPicker"]
margin_left = 64.0
margin_right = 88.0
margin_bottom = 24.0
mouse_filter = 1
mouse_default_cursor_shape = 2
custom_styles/hover = SubResource( 11 )
custom_styles/normal = SubResource( 12 )
__meta__ = {
"_edit_use_anchors_": false
}

[node name="Color4" type="Button" parent="Player2/MyColorPicker"]
margin_left = 96.0
margin_top = 1.0
margin_right = 120.0
margin_bottom = 25.0
mouse_filter = 1
mouse_default_cursor_shape = 2
custom_styles/hover = SubResource( 13 )
custom_styles/normal = SubResource( 14 )
__meta__ = {
"_edit_use_anchors_": false
}

[node name="Color5" type="Button" parent="Player2/MyColorPicker"]
margin_left = 128.0
margin_top = 1.0
margin_right = 152.0
margin_bottom = 25.0
mouse_filter = 1
mouse_default_cursor_shape = 2
custom_styles/hover = SubResource( 15 )
custom_styles/normal = SubResource( 16 )
__meta__ = {
"_edit_use_anchors_": false
}

[node name="Color6" type="Button" parent="Player2/MyColorPicker"]
margin_left = 160.0
margin_top = 1.0
margin_right = 184.0
margin_bottom = 25.0
mouse_filter = 1
mouse_default_cursor_shape = 2
custom_styles/hover = SubResource( 17 )
custom_styles/normal = SubResource( 18 )
__meta__ = {
"_edit_use_anchors_": false
}

[node name="ZoneIA" type="Node2D" parent="Player2"]

[node name="CheckBox" type="CheckBox" parent="Player2/ZoneIA"]
margin_left = 168.0
margin_top = 181.0
margin_right = 275.0
margin_bottom = 216.0
focus_mode = 0
mouse_default_cursor_shape = 2
custom_fonts/font = ExtResource( 9 )
custom_colors/font_color = Color( 0, 0, 0, 1 )
custom_colors/font_color_hover = Color( 0, 0, 0, 1 )
custom_colors/font_color_pressed = Color( 0, 0, 0, 1 )
pressed = true
enabled_focus_mode = 0
text = "Ordinateur"
__meta__ = {
"_edit_use_anchors_": false
}

[node name="TypeIA" type="Node2D" parent="Player2/ZoneIA"]

[node name="CheckBox" type="CheckBox" parent="Player2/ZoneIA/TypeIA"]
margin_left = 288.0
margin_top = 152.0
margin_right = 442.0
margin_bottom = 184.0
focus_mode = 0
mouse_default_cursor_shape = 2
custom_fonts/font = ExtResource( 9 )
custom_colors/font_color = Color( 0, 0, 0, 1 )
custom_colors/font_color_hover = Color( 0, 0, 0, 1 )
custom_colors/font_color_pressed = Color( 0, 0, 0, 1 )
enabled_focus_mode = 0
group = SubResource( 19 )
text = "Facile"
__meta__ = {
"_edit_use_anchors_": false
}

[node name="CheckBox2" type="CheckBox" parent="Player2/ZoneIA/TypeIA"]
margin_left = 288.0
margin_top = 184.0
margin_right = 442.0
margin_bottom = 216.0
focus_mode = 0
mouse_default_cursor_shape = 2
custom_fonts/font = ExtResource( 9 )
custom_colors/font_color = Color( 0, 0, 0, 1 )
custom_colors/font_color_hover = Color( 0, 0, 0, 1 )
custom_colors/font_color_pressed = Color( 0, 0, 0, 1 )
pressed = true
enabled_focus_mode = 0
group = SubResource( 19 )
text = "Moyen"
__meta__ = {
"_edit_use_anchors_": false
}

[node name="CheckBox3" type="CheckBox" parent="Player2/ZoneIA/TypeIA"]
margin_left = 288.0
margin_top = 216.0
margin_right = 442.0
margin_bottom = 248.0
focus_mode = 0
mouse_default_cursor_shape = 2
custom_fonts/font = ExtResource( 9 )
custom_colors/font_color = Color( 0, 0, 0, 1 )
custom_colors/font_color_hover = Color( 0, 0, 0, 1 )
custom_colors/font_color_pressed = Color( 0, 0, 0, 1 )
enabled_focus_mode = 0
group = SubResource( 19 )
text = "Difficile"
__meta__ = {
"_edit_use_anchors_": false
}

[connection signal="pressed" from="BtnJouer" to="." method="_on_BtnJouer_pressed"]
[connection signal="pressed" from="BtnOptions" to="." method="_on_BtnOptions_pressed"]
[connection signal="pressed" from="BtnCredits" to="." method="_on_BtnCredits_pressed"]
[connection signal="pressed" from="BtnQuitter" to="." method="_on_BtnQuitter_pressed"]
[connection signal="input_event" from="Player1/SelectPrevious" to="." method="_on_SelectPrevious_input_event"]
[connection signal="input_event" from="Player1/SelectNext" to="." method="_on_SelectNext_input_event"]
[connection signal="gui_input" from="Player1/TxtEditName" to="." method="_on_TxtEditName_gui_input"]
[connection signal="text_changed" from="Player1/TxtEditName" to="." method="_on_TxtEditName_text_changed"]
[connection signal="gui_input" from="Player1/ColorBtn" to="." method="_on_ColorRect_gui_input"]
[connection signal="pressed" from="Player1/MyColorPicker/Color1" to="." method="_on_Color1_pressed"]
[connection signal="pressed" from="Player1/MyColorPicker/Color2" to="." method="_on_Color2_pressed"]
[connection signal="pressed" from="Player1/MyColorPicker/Color3" to="." method="_on_Color3_pressed"]
[connection signal="pressed" from="Player1/MyColorPicker/Color4" to="." method="_on_Color4_pressed"]
[connection signal="pressed" from="Player1/MyColorPicker/Color5" to="." method="_on_Color5_pressed"]
[connection signal="pressed" from="Player1/MyColorPicker/Color6" to="." method="_on_Color6_pressed"]
[connection signal="input_event" from="Player2/SelectPrevious2" to="." method="_on_SelectPrevious2_input_event_2"]
[connection signal="input_event" from="Player2/SelectNext2" to="." method="_on_SelectNext2_input_event_2"]
[connection signal="gui_input" from="Player2/TxtEditName" to="." method="_on_TxtEditName_gui_input2"]
[connection signal="text_changed" from="Player2/TxtEditName" to="." method="_on_TxtEditName_text_changed_2"]
[connection signal="gui_input" from="Player2/ColorBtn" to="." method="_on_ColorRect_gui_input_2"]
[connection signal="pressed" from="Player2/MyColorPicker/Color1" to="." method="_on_Color1_pressed_2"]
[connection signal="pressed" from="Player2/MyColorPicker/Color2" to="." method="_on_Color2_pressed"]
[connection signal="pressed" from="Player2/MyColorPicker/Color3" to="." method="_on_Color3_pressed_2"]
[connection signal="pressed" from="Player2/MyColorPicker/Color4" to="." method="_on_Color4_pressed_2"]
[connection signal="pressed" from="Player2/MyColorPicker/Color5" to="." method="_on_Color5_pressed_2"]
[connection signal="pressed" from="Player2/MyColorPicker/Color6" to="." method="_on_Color6_pressed_2"]
[connection signal="pressed" from="Player2/ZoneIA/CheckBox" to="." method="_on_CheckBox_pressed"]
